<?xml version="1.0" encoding="UTF-8"?><collection xmlns="http://www.loc.gov/MARC21/slim"><record><leader>00365nam--2200121-i-4500</leader><controlfield tag="001">000040492</controlfield><controlfield tag="002">20161230</controlfield><controlfield tag="005">20161230201042</controlfield><controlfield tag="008">060222s1000------------r-----000-0-eng-d</controlfield><datafield ind1=" " ind2=" " tag="100"><subfield code="a">Schaefer, Clemens</subfield></datafield><datafield ind1=" " ind2=" " tag="245"><subfield code="a">Einfuhrung in die theoretische physik. in drei banden. band ii</subfield></datafield><datafield ind1=" " ind2=" " tag="260"><subfield code="a">Theorie  Der Warme, Molekular-kinetische Th</subfield></datafield><datafield ind1=" " ind2=" " tag="490"><subfield code="a">Berlin, W.De Gruyter, 1929</subfield></datafield></record></collection>